@book{Thiemann2008,
    title = "Barrierefreiheit",
    bookTitle = "Benutzerfreundliche Online-Hilfen: Grundlagen und Umsetzung mit MadCap Flare",
    year = "2008",
    publisher = "Vieweg+Teubner",
    address = "Wiesbaden",
    pages = "143--157",
    abstract = "Barrierefreies Design bedeutet, dass Menschen mit Behinderungen ein elektronisches Angebot uneingeschr{\"a}nkt und selbstst{\"a}ndig nutzen k{\"o}nnen. Im Sinne der Nutzbarkeit muss die Barrierefreiheit beispielsweise einer Online-Hilfe im Web einen Schritt {\"u}ber die reine Zug{\"a}nglichkeit hinausgehen: auch behinderte Nutzer sollen mit ihren F{\"a}higkeiten und Hilfsmitteln elektronische Angebote nutzen k{\"o}nnen. Barrierefreiheit ist somit Gebrauchstauglichkeit vor dem Hintergrund einer Behinderung oder Einschr{\"a}nkung.",
    isbn = "978-3-8348-9483-0",
    doi = "10.1007/978-3-8348-9483-0_7",
    url = "https://doi.org/10.1007/978-3-8348-9483-0_7"
}
