@book{f1,
    field1 = "hallo",
    field2 = "@test" }

@wer{f2,
    field1 = "werlo",
    field2 = "werest" }
