@book{f1,
    field1 = "hallo",
    field2 = "@test"
}
